<?xml version="1.0" encoding="UTF-8"?>
<collection xmlns:xsi="http://www.w3.org/2001/XMLSchema-instance" xsi:schemaLocation="http://www.loc.gov/MARC21/slim http://www.loc.gov/standards/marcxml/schema/MARC21slim.xsd" xmlns="http://www.loc.gov/MARC21/slim">
<record>
  <leader>00886cam a2200217Mi 4500</leader>
  <controlfield tag="001">3088638</controlfield>
  <controlfield tag="003">NNC</controlfield>
  <controlfield tag="005">20130426020419.0</controlfield>
  <controlfield tag="008">911113s1940    ua            000 0 ara d</controlfield>
  <datafield tag="035" ind1=" " ind2=" ">
    <subfield code="a">(OCoLC)ocm33924576</subfield>
  </datafield>
  <datafield tag="035" ind1=" " ind2=" ">
    <subfield code="9">ATR6251CU</subfield>
  </datafield>
  <datafield tag="035" ind1=" " ind2=" ">
    <subfield code="a">(NNC)3088638</subfield>
  </datafield>
  <datafield tag="040" ind1=" " ind2=" ">
    <subfield code="a">HLS</subfield>
    <subfield code="c">HLS</subfield>
    <subfield code="d">ZCU</subfield>
  </datafield>
  <datafield tag="099" ind1=" " ind2=" ">
    <subfield code="a">892.891</subfield>
    <subfield code="a">Ab353</subfield>
  </datafield>
  <datafield tag="100" ind1="1" ind2=" ">
    <subfield code="a">Qushayrī, ʻAbd al-Karīm ibn Hawāzin,</subfield>
    <subfield code="d">986-1072.</subfield>
  </datafield>
  <datafield tag="245" ind1="1" ind2="3">
    <subfield code="a">al-Risālah al-Qushayrī /</subfield>
    <subfield code="c">taʾlīf Abī al-Qāsim ʻAbd al-Karīm ibn Hawāzin ibn ʻAbd al-Malik ibn Ṭalḥah al-Qushayrī ; wa-bi-al-hāmish muntakhabāt min sharḥ Abī Yaḥyá Zakrīyah al-Anṣārī.</subfield>
  </datafield>
  <datafield tag="250" ind1=" " ind2=" ">
    <subfield code="a">al-Ṭabʻah 1.</subfield>
  </datafield>
  <datafield tag="260" ind1=" " ind2=" ">
    <subfield code="a">[Miṣr] :</subfield>
    <subfield code="b">Maṭbʻat Muṣṭafá al-Bābī al-Halabī,</subfield>
    <subfield code="c">1940.</subfield>
  </datafield>
  <datafield tag="300" ind1=" " ind2=" ">
    <subfield code="a">208 p. ;</subfield>
    <subfield code="c">27 cm.</subfield>
  </datafield>
  <datafield tag="600" ind1="1" ind2="0">
    <subfield code="a">Anṣārī, Zakarīyā ibn Muḥammad,</subfield>
    <subfield code="d">approximately 1423-approximately 1520.</subfield>
  </datafield>
  <datafield tag="955" ind1=" " ind2=" ">
    <subfield code="b">CU58900942</subfield>
    <subfield code="d">off,glx</subfield>
    <subfield code="e">892.891 Ab353</subfield>
  </datafield>
</record>
</collection>